<?xml version="1.0" encoding="UTF-8"?>
<collection xmlns="http://www.loc.gov/MARC21/slim">
  <record>
    <leader>00880cam a2200217 i 4500</leader>
    <controlfield tag="001">a651only</controlfield>
    <controlfield tag="008">770207r19771901gw b 001 0 ger d</controlfield>
    <datafield tag="651" ind1="1" ind2=" ">
      <subfield code="a">651a</subfield>
      <subfield code="z">651z</subfield>
    </datafield>
    <datafield tag="245" ind1="1" ind2="0">
      <subfield code="a">651 only, single sub a</subfield>
    </datafield>
  </record>