

  <record>
    <leader>00880cam a2200217 i 4500</leader>
    <controlfield tag="001">a651twoa</controlfield>
    <controlfield tag="008">770207r19771901gw b 001 0 ger d</controlfield>
    <datafield tag="651" ind1="1" ind2=" ">
      <subfield code="a">651a1</subfield>
      <subfield code="a">651a2</subfield>
    </datafield>
    <datafield tag="245" ind1="1" ind2="0">
      <subfield code="a">651 only, two sub a2</subfield>
    </datafield>
  </record>