
  
  <record>
    <leader>00880cam a2200217 i 4500</leader>
    <controlfield tag="001">ano651twoz600</controlfield>
    <controlfield tag="008">770207r19771901gw b 001 0 ger d</controlfield>
    <datafield tag="600" ind1="1" ind2=" ">
      <subfield code="a">600a</subfield>
      <subfield code="z">600z1</subfield>
      <subfield code="z">600z2</subfield>
    </datafield>
    <datafield tag="245" ind1="1" ind2="0">
      <subfield code="a">no 651 but 600 with two |z</subfield>
    </datafield>
  </record>