

  <record>
    <leader>00880cam a2200217 i 4500</leader>
    <controlfield tag="001">a651a630twoz</controlfield>
    <controlfield tag="008">770207r19771901gw b 001 0 ger d</controlfield>
    <datafield tag="651" ind1="1" ind2=" ">
      <subfield code="a">651a</subfield>
    </datafield>
    <datafield tag="630" ind1="1" ind2=" ">
      <subfield code="z">630z1</subfield>
      <subfield code="a">630z2</subfield>
      <subfield code="a">630a</subfield>
    </datafield>
    <datafield tag="245" ind1="1" ind2="0">
      <subfield code="a">651 one sub a and 630 two sub z</subfield>
    </datafield>
  </record>