
  
  <record>
    <leader>00880cam a2200217 i 4500</leader>
    <controlfield tag="001">atwo648fields</controlfield>
    <controlfield tag="008">770207r19771901gw b 001 0 ger d</controlfield>
    <datafield tag="648" ind1="1" ind2=" ">
      <subfield code="a">648a</subfield>
      <subfield code="z">6481z</subfield>
    </datafield>
    <datafield tag="648" ind1="1" ind2=" ">
      <subfield code="a">648a</subfield>
      <subfield code="z">6482z</subfield>
    </datafield>
    <datafield tag="245" ind1="1" ind2="0">
      <subfield code="a">two 648 each with one sub z</subfield>
    </datafield>
  </record>