

  <record>
    <leader>00880cam a2200217 i 4500</leader>
    <controlfield tag="001">atwo650flds651</controlfield>
    <controlfield tag="008">770207r19771901gw b 001 0 ger d</controlfield>
    <datafield tag="650" ind1="1" ind2=" ">
      <subfield code="a">650a</subfield>
      <subfield code="z">65011z</subfield>
      <subfield code="z">65012z</subfield>
    </datafield>
    <datafield tag="651" ind1="1" ind2=" ">
      <subfield code="a">651a1</subfield>
      <subfield code="a">651a2</subfield>
    </datafield>
    <datafield tag="650" ind1="1" ind2=" ">
      <subfield code="a">650a</subfield>
      <subfield code="z">65021z</subfield>
      <subfield code="z">65022z</subfield>
    </datafield>
    <datafield tag="245" ind1="1" ind2="0">
      <subfield code="a">two 650 with two sub z each and 651 with two a</subfield>
    </datafield>
  </record>