

  <record>
    <leader>00880cam a2200217 i 4500</leader>
    <controlfield tag="001">a6xx</controlfield>
    <controlfield tag="008">770207r19771901gw b 001 0 ger d</controlfield>
    <datafield tag="655" ind1="1" ind2=" ">
      <subfield code="a">655a</subfield>
      <subfield code="z">655z</subfield>
    </datafield>
    <datafield tag="651" ind1="1" ind2=" ">
      <subfield code="a">651a</subfield>
      <subfield code="z">651z</subfield>
    </datafield>
    <datafield tag="690" ind1="1" ind2=" ">
      <subfield code="a">690a</subfield>
      <subfield code="z">6901z</subfield>
    </datafield>
    <datafield tag="654" ind1="1" ind2=" ">
      <subfield code="a">654a</subfield>
      <subfield code="z">654z</subfield>
    </datafield>
    <datafield tag="690" ind1="1" ind2=" ">
      <subfield code="z">6902z</subfield>
    </datafield>
    <datafield tag="245" ind1="1" ind2="0">
      <subfield code="a">various 6xx</subfield>
    </datafield>
  </record>