

  <record>
    <leader>00880cam a2200217 i 4500</leader>
    <controlfield tag="001">a656</controlfield>
    <controlfield tag="008">770207r19771901gw b 001 0 ger d</controlfield>
    <datafield tag="656" ind1="1" ind2=" ">
      <subfield code="a">656a</subfield>
      <subfield code="z">656z</subfield>
    </datafield>
    <datafield tag="710" ind1="1" ind2=" ">
      <subfield code="a">710a</subfield>
      <subfield code="z">710z</subfield>
    </datafield>
    <datafield tag="245" ind1="1" ind2="0">
      <subfield code="a">656 field</subfield>
    </datafield>
  </record>