

  <record>
    <leader>00880cam a2200217 i 4500</leader>
    <controlfield tag="001">a699</controlfield>
    <controlfield tag="008">770207r19771901gw b 001 0 ger d</controlfield>
    <datafield tag="699" ind1="1" ind2=" ">
      <subfield code="a">699a</subfield>
      <subfield code="z">699z</subfield>
    </datafield>
    <datafield tag="245" ind1="1" ind2="0">
      <subfield code="a">699 subfield</subfield>
    </datafield>
  </record>

</collection>
